
@article{nelson2011,
	title = {Effectiveness of Strict vs. Multiple Use Protected Areas in Reducing Tropical Forest Fires: A Global Analysis Using Matching Methods},
	author = {Nelson, Andrew and Chomitz, Kenneth M.},
	editor = {Bruun, Hans Henrik},
	year = {2011},
	month = {08},
	date = {2011-08-16},
	journal = {PLoS ONE},
	pages = {e22722},
	volume = {6},
	number = {8},
	doi = {10.1371/journal.pone.0022722},
	url = {http://dx.doi.org/10.1371/journal.pone.0022722},
	langid = {en}
}

@article{fromont2023,
	title = {Socio-environmental monitoring as a constant weak point of PAs in developing countries: literature  review and recommendations},
	author = {Fromont, {Céline} and {Carrière}, {Stéphanie M.} and {Bédécarrats}, Florent and Coauthors, Other},
	year = {2023},
	journal = {To be determined}
}
